@misc{COMSOL,
author = {COMSOL Inc.},
title = {COMSOL Multiphysics},
year = {2021 [consultat 30-07-2021]}, 
howpublished = "\url{https://www.comsol.com/comsol-multiphysics}"}

@article{beardo2019hydrodynamic,
  title={Hydrodynamic heat transport in compact and holey silicon thin films},
  author={Beardo, A and Calvo-Schwarzw{\"a}lder, M and Camacho, J and Myers, TG and Torres, P and Sendra, L and Alvarez, FX and Bafaluy, J},
  journal={Physical Review Applied},
  volume={11},
  number={3},
  pages={034003},
  year={2019},
  publisher={APS}
}

@article{beardo2020phonon,
  title={Phonon hydrodynamics in frequency-domain thermoreflectance experiments},
  author={Beardo, A and Hennessy, MG and Sendra, L and Camacho, J and Myers, TG and Bafaluy, J and Alvarez, FX},
  journal={Physical Review B},
  volume={101},
  number={7},
  pages={075303},
  year={2020},
  publisher={APS}
}

@article{torres2018emergence,
  title={Emergence of hydrodynamic heat transport in semiconductors at the nanoscale},
  author={Torres, P and Ziabari, A and Torell{\'o}, A and Bafaluy, J and Camacho, J and Cartoix{\`a}, X and Shakouri, A and Alvarez, FX},
  journal={Physical review materials},
  volume={2},
  number={7},
  pages={076001},
  year={2018},
  publisher={APS}
}

@article{asheghi2002thermal,
  title={Thermal conduction in doped single-crystal silicon films},
  author={Asheghi, M and Kurabayashi, K and Kasnavi, R and Goodson, KE},
  journal={Journal of applied physics},
  volume={91},
  number={8},
  pages={5079--5088},
  year={2002},
  publisher={American Institute of Physics}
}

@inproceedings{ziabari2017non,
  title={Non-diffusive heat transport in twin nanoheater lines on silicon},
  author={Ziabari, Amirkoushyar and Shakouri, Alex and Xuan, Yi and Bahk, Je-Hyeong and Koh, Yeerui and Si, Mengwei and Ye, Peide and Shakouri, Ali},
  booktitle={2017 16th IEEE Intersociety Conference on Thermal and Thermomechanical Phenomena in Electronic Systems (ITherm)},
  pages={334--338},
  year={2017},
  organization={IEEE}
}

@book{dhatt2012finite,
  title={Finite element method},
  author={Dhatt, Gouri and Lefran{\c{c}}ois, Emmanuel and Touzot, Gilbert},
  year={2012},
  publisher={John Wiley \& Sons}
}

@article{sendra2021derivation,
  title={Derivation of a hydrodynamic heat equation from the phonon Boltzmann equation for general semiconductors},
  author={Sendra, Lluc and Beardo, Albert and Torres, Pol and Bafaluy, Javier and Alvarez, F Xavier and Camacho, Juan},
  journal={Physical Review B},
  volume={103},
  number={14},
  pages={L140301},
  year={2021},
  publisher={APS}
}

@book{lambert1760jh,
  title={Photometria, sive de mensura et gradibus luminis, colorum et umbrae},
  author={Lambert, Jean-Henri},
  year={1760},
  publisher={Eberhardt Klett}
}

@article{beardo2021general,
  title={A General and Predictive Understanding of Thermal Transport from 1D-and 2D-Confined Nanostructures: Theory and Experiment},
  author={Beardo, Albert and Knobloch, Joshua L and Sendra, Lluc and Bafaluy, Javier and Frazer, Travis D and Chao, Weilun and Hernandez-Charpak, Jorge N and Kapteyn, Henry C and Abad, Bego\~na and Murnane, Margaret M and others},
  journal={ACS nano},
  year={2021},
  publisher={ACS Publications}
}
